@techreport{+-../0+1,
    title = {{!"{\#}{\$}{\%}{\&}'('")*+,'{\%}(-.)(.*'/0+'1{\#}{\%}'}},
    url = {http://www.webont.org/owled/2009}
}

@misc{PDFExperiments,
    title = {{(PDF) Expos{\'{e}}: An ontology for data mining experiments}},
    url = {https://www.researchgate.net/publication/228525536_Expose_An_ontology_for_data_mining_experiments}
}

@article{PDFWeb,
    title = {{(PDF) Racer: An OWL reasoning agent for the Semantic Web}},
    url = {https://www.researchgate.net/publication/228592404_Racer_An_OWL_reasoning_agent_for_the_Semantic_Web}
}

@incollection{Haase2010ALanguages,
    title = {{A Comparison of RDF Query Languages}},
    year = {2010},
    author = {Haase, Peter and Broekstra, Jeen and Eberhart, Andreas and Volz, Raphael},
    doi = {10.1007/978-3-540-30475-3{\_}35}
}

@techreport{TablanAInformation,
    title = {{A Natural Language Query Interface to Structured Information}},
    author = {Tablan, Valentin and Damljanovic, Danica and Bontcheva, Kalina},
    url = {https://gate.ac.uk/sale/eswc08/clone-ql/clone-ql.pdf},
    keywords = {Conceptual Search, Querying, Searching, User Interfaces}
}

@techreport{Horridge2004A1.0,
    title = {{A Practical Guide To Building OWL Ontologies Using The Prot{\'{e}}g{\'{e}}-OWL Plugin and CO-ODE Tools Edition 1.0}},
    year = {2004},
    author = {Horridge, Matthew and Knublauch, Holger and Rector, Alan and Stevens, Robert and Wroe, Chris},
    url = {http://mowl-power.cs.man.ac.uk/protegeowltutorial/resources/ProtegeOWLTutorialP3_v1_0.pdf}
}

@techreport{Gomaa2013AApproaches,
    title = {{A Survey of Text Similarity Approaches}},
    year = {2013},
    booktitle = {International Journal of Computer Applications},
    author = {Gomaa, Wael H and Fahmy, Aly A},
    number = {13},
    pages = {975--8887},
    volume = {68},
    keywords = {Corpus-Based Similarity, General Terms Text Mining, Knowledge-Based Similarity, Natural Language Processing Keywords Text Similarity, Semantic Similarity, String-Based Similarity}
}

@article{Mishra2016AClassification,
    title = {{A survey on question answering systems with classification}},
    year = {2016},
    journal = {Journal of King Saud University - Computer and Information Sciences},
    author = {Mishra, Amit and Jain, Sanjay Kumar},
    number = {3},
    month = {7},
    pages = {345--361},
    volume = {28},
    publisher = {Elsevier},
    url = {https://www.sciencedirect.com/science/article/pii/S1319157815000890},
    doi = {10.1016/J.JKSUCI.2014.10.007},
    issn = {1319-1578}
}

@article{Mishra2016AClassificationb,
    title = {{A survey on question answering systems with classification}},
    year = {2016},
    journal = {Journal of King Saud University - Computer and Information Sciences},
    author = {Mishra, Amit and Jain, Sanjay Kumar},
    number = {3},
    month = {7},
    pages = {345--361},
    volume = {28},
    publisher = {Elsevier},
    url = {https://www.sciencedirect.com/science/article/pii/S1319157815000890},
    doi = {10.1016/J.JKSUCI.2014.10.007},
    issn = {1319-1578}
}

@techreport{SharmaATechniques,
    title = {{A Tour Towards Knowledge Representation Techniques}},
    booktitle = {International Journal of Computer Technology and Electronics Engineering (IJCTEE)},
    author = {Sharma, Tilotma and Kelkar, Deepali},
    number = {2},
    volume = {2},
    keywords = {Frames, Knowledge Representation, Predicate Logic, Scripts, Semantic Nets}
}

@techreport{WatsonAEducation,
    title = {{A Virtual Teaching Assistant for Online Education}},
    author = {Watson, Jill and Goel, Ashok K and Polepeddi, Lalith},
    url = {https://www.class-central.com/report/mooc-stats-2016/}
}

@book{Press2014AdrianApproach,
    title = {{Adrian Groza ONTOLOGY ENGINEERING WITH RACERPRO An activity-based approach}},
    year = {2014},
    author = {Press, U T},
    url = {www.utcluj.ro/editura},
    isbn = {978-973-662-991-4}
}

@misc{AllegroGraphDatabase,
    title = {{AllegroGraph - Semantic Graph Database}},
    url = {https://franz.com/agraph/allegrograph/}
}

@article{Barskar2012AnSentences,
    title = {{An Approach for Extracting Exact Answers to Question Answering (QA) System for English Sentences}},
    year = {2012},
    journal = {Procedia Engineering},
    author = {Barskar, Raju and Ahmed, Gulfishan Firdose and Barskar, Nepal},
    month = {1},
    pages = {1187--1194},
    volume = {30},
    publisher = {Elsevier},
    url = {https://www.sciencedirect.com/science/article/pii/S1877705812009897},
    doi = {10.1016/J.PROENG.2012.01.979},
    issn = {1877-7058}
}

@article{Barskar2012AnSentencesb,
    title = {{An Approach for Extracting Exact Answers to Question Answering (QA) System for English Sentences}},
    year = {2012},
    journal = {Procedia Engineering},
    author = {Barskar, Raju and Ahmed, Gulfishan Firdose and Barskar, Nepal},
    month = {1},
    pages = {1187--1194},
    volume = {30},
    publisher = {Elsevier},
    url = {https://www.sciencedirect.com/science/article/pii/S1877705812009897},
    doi = {10.1016/J.PROENG.2012.01.979},
    issn = {1877-7058}
}

@techreport{Bansal2014AnDomain,
    title = {{An Approach for Semantic Information Retrieval from Ontology in Computer Science Domain}},
    year = {2014},
    booktitle = {International Journal of Engineering and Advanced Technology (IJEAT)},
    author = {Bansal, Ritika and Chawla, Sonal},
    number = {2},
    pages = {2249--8958},
    url = {https://pdfs.semanticscholar.org/cc55/623dd0d4a5ac0ff6e7ff4eaff44872c059e5.pdf},
    keywords = {()}
}

@inproceedings{Reshma2017AnQuepy,
    title = {{An enhanced approach for querying integrated web analytics ontology using Quepy}},
    year = {2017},
    booktitle = {2017 International Conference on Intelligent Computing and Control (I2C2)},
    author = {Reshma, K and Rajendran, V Viji},
    month = {6},
    pages = {1--6},
    publisher = {IEEE},
    url = {http://ieeexplore.ieee.org/document/8321807/},
    isbn = {978-1-5386-0374-1},
    doi = {10.1109/I2C2.2017.8321807}
}

@inproceedings{Reshma2017AnQuepyb,
    title = {{An enhanced approach for querying integrated web analytics ontology using Quepy}},
    year = {2017},
    booktitle = {2017 International Conference on Intelligent Computing and Control (I2C2)},
    author = {Reshma, K and Rajendran, V Viji},
    month = {6},
    pages = {1--6},
    publisher = {IEEE},
    url = {http://ieeexplore.ieee.org/document/8321807/},
    isbn = {978-1-5386-0374-1},
    doi = {10.1109/I2C2.2017.8321807}
}

@techreport{AltinokAnSystems,
    title = {{An Ontology-Based Dialogue Management System for Banking and Finance Dialogue Systems}},
    author = {Altinok, Duygu},
    url = {http://vowl.visualdataweb.org/protegevowl.}
}

@inproceedings{Yang2010AnPrograms,
    title = {{An ontology-supported web focused-crawler for Java programs}},
    year = {2010},
    booktitle = {2010 3rd IEEE International Conference on Ubi-Media Computing},
    author = {Yang, Sheng-Yuan and Hsu, Chun-Liang},
    month = {7},
    pages = {266--271},
    publisher = {IEEE},
    url = {http://ieeexplore.ieee.org/document/5544448/},
    isbn = {978-1-4244-6708-2},
    doi = {10.1109/UMEDIA.2010.5544448}
}

@article{Cao2011AskHERMES:Questions,
    title = {{AskHERMES: An online question answering system for complex clinical questions}},
    year = {2011},
    journal = {Journal of Biomedical Informatics},
    author = {Cao, YongGang and Liu, Feifan and Simpson, Pippa and Antieau, Lamont and Bennett, Andrew and Cimino, James J. and Ely, John and Yu, Hong},
    number = {2},
    month = {4},
    pages = {277--288},
    volume = {44},
    publisher = {Academic Press},
    url = {https://www.sciencedirect.com/science/article/pii/S1532046411000062},
    doi = {10.1016/J.JBI.2011.01.004},
    issn = {1532-0464}
}

@techreport{2007ATTEMPTOKALJURAND,
    title = {{ATTEMPTO CONTROLLED ENGLISH AS A SEMANTIC WEB LANGUAGE KAAREL KALJURAND}},
    year = {2007},
    url = {http://attempto.ifi.uzh.ch/site/pubs/papers/phd_kaljurand.pdf https://github.com/Kaljurand/owl-verbalizer}
}

@techreport{FuchsAttemptoRepresentation,
    title = {{Attempto Controlled English for Knowledge Representation}},
    author = {Fuchs, Norbert E and Kaljurand, Kaarel and Kuhn, Tobias},
    url = {http://attempto.ifi.uzh.ch}
}

@techreport{LehmannAutoSPARQL:Base,
    title = {{AutoSPARQL: Let Users Query Your Knowledge Base}},
    author = {Lehmann, Jens and B{\"{u}}hmann, Lorenz},
    url = {http://dbpedia.neofonie.de,}
}

@techreport{LehmannAutoSPARQL:Baseb,
    title = {{AutoSPARQL: Let Users Query Your Knowledge Base}},
    author = {Lehmann, Jens and B{\"{u}}hmann, Lorenz},
    url = {http://dbpedia.neofonie.de,}
}

@techreport{FunkCLOnE:Editing,
    title = {{CLOnE: Controlled Language for Ontology Editing}},
    author = {Funk, Adam and Tablan, Valentin and Bontcheva, Kalina and Cunningham, Hamish and Davis, Brian and Handschuh, Siegfried},
    url = {http://protege.stanford.edu}
}

@article{Athreya2018EnhancingChatbot,
    title = {{Enhancing Community Interactions with Data-Driven Chatbots-The DBpedia Chatbot}},
    year = {2018},
    author = {Athreya, Ram G and Ngomo, Axel-Cyrille Ngonga and Usbeck, Ricardo},
    url = {https://doi.org/10.1145/3184558.3186964},
    doi = {10.1145/3184558.3186964},
    keywords = {DBpedia, chatbot, knowledge base, question answering}
}

@techreport{LundbergExplainableUnderstanding,
    title = {{Explainable AI for Trees: From Local Explanations to Global Understanding}},
    author = {Lundberg, Scott M and Erion, Gabriel and Chen, Hugh and Degrave, Alex and Prutkin, Jordan M and Nair, Bala and Katz, Ronit and Himmelfarb, Jonathan and Bansal, Nisha and Lee, Su-In and Allen, Paul G},
    url = {https://github.com/suinleelab/treeexplainer-study},
    arxivId = {1905.04610v1}
}

@inproceedings{Dosilovic2018ExplainableSurvey,
    title = {{Explainable artificial intelligence: A survey}},
    year = {2018},
    booktitle = {2018 41st International Convention on Information and Communication Technology, Electronics and Microelectronics, MIPRO 2018 - Proceedings},
    author = {Dosilovic, Filip Karlo and Brcic, Mario and Hlupic, Nikica},
    isbn = {9789532330977},
    doi = {10.23919/MIPRO.2018.8400040},
    keywords = {comprehensibility, explainability, explainable artificial intelligence, interpretability}
}

@inproceedings{Dosilovic2018ExplainableSurveyb,
    title = {{Explainable artificial intelligence: A survey}},
    year = {2018},
    booktitle = {2018 41st International Convention on Information and Communication Technology, Electronics and Microelectronics, MIPRO 2018 - Proceedings},
    author = {Dosilovic, Filip Karlo and Brcic, Mario and Hlupic, Nikica},
    isbn = {9789532330977},
    doi = {10.23919/MIPRO.2018.8400040},
    keywords = {comprehensibility, explainability, explainable artificial intelligence, interpretability}
}

@techreport{ViganoExplainableSecurity,
    title = {{Explainable Security}},
    author = {Vigan{\`{o}}, Luca and Magazzeni, Daniele},
    url = {http://home.earthlink.net/},
    arxivId = {1807.04178v1}
}

@techreport{Gilpin2019ExplainingLearning,
    title = {{Explaining Explanations: An Overview of Interpretability of Machine Learning}},
    year = {2019},
    author = {Gilpin, Leilani H and Bau, David and Yuan, Ben Z and Bajwa, Ayesha and Specter, Michael and Kagal, Lalana},
    url = {https://arxiv.org/pdf/1806.00069.pdf},
    arxivId = {1806.00069v3}
}

@techreport{BharadhwajExplanationsRecommendations,
    title = {{Explanations for Temporal Recommendations}},
    author = {Bharadhwaj, Homanga and Joshi, Shruti},
    arxivId = {1807.06161v1}
}

@inproceedings{Holzinger2018FromAI,
    title = {{From Machine Learning to Explainable AI}},
    year = {2018},
    booktitle = {2018 World Symposium on Digital Intelligence for Systems and Machines (DISA)},
    author = {Holzinger, Andreas},
    month = {8},
    pages = {55--66},
    publisher = {IEEE},
    url = {https://ieeexplore.ieee.org/document/8490530/},
    isbn = {978-1-5386-5102-5},
    doi = {10.1109/DISA.2018.8490530}
}

@techreport{GlimmHermiT:Reasoner,
    title = {{HermiT: An OWL 2 Reasoner}},
    author = {Glimm, Birte and Horrocks, Ian and Motik, Boris and Stoilos, Giorgos and Wang, Zhe},
    url = {http://www.cs.ox.ac.uk/people/boris.motik/pubs/ghmsw14HermiT.pdf}
}

@book{2019High-UtilityMining,
    title = {{High-Utility Pattern Mining}},
    year = {2019},
    editor = {Fournier-Viger, Philippe and Lin, Jerry Chun-Wei and Nkambou, Roger and Vo, Bay and Tseng, Vincent S.},
    series = {Studies in Big Data},
    volume = {51},
    publisher = {Springer International Publishing},
    url = {http://link.springer.com/10.1007/978-3-030-04921-8},
    address = {Cham},
    isbn = {978-3-030-04920-1},
    doi = {10.1007/978-3-030-04921-8}
}

@article{VanGestel2016LinearMachines,
    title = {{Linear and non-linear credit scoring by combining logistic regression and support vector machines}},
    year = {2016},
    journal = {The Journal of Credit Risk},
    author = {Van Gestel, Tony and Baesens, Bart and Van Dijcke, Peter and Suykens, Johan and Garcia, Joao},
    doi = {10.21314/jcr.2005.025},
    issn = {17446619}
}

@inproceedings{Esteves2015MEXVocabulary,
    title = {{MEX vocabulary}},
    year = {2015},
    booktitle = {Proceedings of the 11th International Conference on Semantic Systems - SEMANTICS '15},
    author = {Esteves, Diego and Moussallem, Diego and Neto, Ciro Baron and Soru, Tommaso and Usbeck, Ricardo and Ackermann, Markus and Lehmann, Jens},
    pages = {169--176},
    publisher = {ACM Press},
    url = {http://dl.acm.org/citation.cfm?doid=2814864.2814883},
    address = {New York, New York, USA},
    isbn = {9781450334624},
    doi = {10.1145/2814864.2814883}
}

@techreport{CorreaPublioML-Schema:Ontologies,
    title = {{ML-Schema: Exposing the Semantics of Machine Learning with Schemas and Ontologies}},
    author = {Correa Publio, Gustavo and Esteves, Diego and {\L}awrynowicz, Agnieszka and Pan{\v{c}}e Panov, Poland and Soru, Tommaso and Vanschoren, Joaquin and Zafar, Hamid},
    url = {http://ml-schema.github.io/documentation/},
    arxivId = {1807.05351v1}
}

@techreport{DamljanovicNaturalInteraction,
    title = {{Natural Language Interfaces to Ontologies: Combining Syntactic Analysis and Ontology-based Lookup through the User Interaction}},
    author = {Damljanovic, Danica and Agatonovic, Milan and Cunningham, Hamish},
    url = {http://www.w3.org/TR/rdf-sparql-query/},
    keywords = {clarification dialogs, learning, natural language interfaces, ontologies, question-answering}
}

@techreport{PradelNaturalPatterns,
    title = {{Natural Language Query Interpretation into SPARQL Using Patterns}},
    author = {Pradel, Camille and Haemmerl{\'{e}}, Ollivier and Hernandez, Nathalie},
    url = {http://www.w3.org/TR/rdf-sparql-query/}
}

@techreport{Wang2000Non-Axiomatic4.1,
    title = {{Non-Axiomatic Reasoning System (Version 4.1)}},
    year = {2000},
    author = {Wang, Pei},
    url = {http://www.cogsci.indiana.edu/farg/pwang.html}
}

@article{Al-Zubaide2011OntBot:Chatbot,
    title = {{OntBot: Ontology based chatbot}},
    year = {2011},
    journal = {International Symposium on Innovations in Information and Communications Technology},
    author = {Al-Zubaide, Hadeel and Issa, Ayman A.},
    month = {11},
    pages = {7--12},
    publisher = {IEEE},
    url = {http://ieeexplore.ieee.org/document/6149594/},
    isbn = {978-1-61284-675-0},
    doi = {10.1109/ISIICT.2011.6149594}
}

@inproceedings{Panov2008OntoDM:Mining,
    title = {{OntoDM: An Ontology of Data Mining}},
    year = {2008},
    booktitle = {2008 IEEE International Conference on Data Mining Workshops},
    author = {Panov, Pance and Deroski, Sao and Soldatova, Larisa},
    month = {12},
    pages = {752--760},
    publisher = {IEEE},
    url = {http://ieeexplore.ieee.org/document/4734003/},
    doi = {10.1109/ICDMW.2008.62}
}

@techreport{Pratibha2014OntologySystem,
    title = {{Ontology Based Approach for Domain Specific Semantic Information Retrieval System}},
    year = {2014},
    booktitle = {International Journal of Engineering Research and Applications (IJERA)},
    author = {Pratibha, Ms and Sonakneware, S and Karale, S J},
    pages = {2248--9622},
    url = {https://pdfs.semanticscholar.org/93ea/6e46bc58cf2b62c39854ae1235655061453a.pdf},
    keywords = {Information Retrieval, Ontology, Quepy, RDF, Semantic Search, WordNet}
}

@techreport{Vegesna2018OntologyWebsite,
    title = {{Ontology based Chatbot (For E-commerce Website)}},
    year = {2018},
    booktitle = {International Journal of Computer Applications},
    author = {Vegesna, Anusha and Porwal, Dhruv},
    number = {14},
    pages = {975--8887},
    volume = {179},
    url = {https://pdfs.semanticscholar.org/a8a5/8009b1afc0dfc68a61e5a917e290c7c9579e.pdf},
    keywords = {Ontology, chatbot, e-commerce, electronics ontology}
}

@techreport{NoyOntologyOntology,
    title = {{Ontology Development 101: A Guide to Creating Your First Ontology}},
    author = {Noy, Natalya F and Mcguinness, Deborah L},
    url = {www.unspsc.org}
}

@techreport{SteinSaebuOptiqueNLQF:Technologies,
    title = {{OptiqueNLQF: A natural language query formulation system based on Semantic Technologies}},
    author = {Stein Saebu, Tomas},
    url = {https://www.duo.uio.no/bitstream/handle/10852/47661/thesis_tomas.pdf?sequence=7}
}

@misc{OWLDemo,
    title = {{OWL verbalizer demo}},
    url = {http://attempto.ifi.uzh.ch/site/docs/owl_to_ace.html}
}

@article{Adadi2018PeekingXAI,
    title = {{Peeking Inside the Black-Box: A Survey on Explainable Artificial Intelligence (XAI)}},
    year = {2018},
    journal = {IEEE Access},
    author = {Adadi, Amina and Berrada, Mohammed},
    doi = {10.1109/ACCESS.2018.2870052},
    issn = {21693536},
    keywords = {Explainable artificial intelligence, black-box models, interpretable machine learning}
}

@techreport{SirinPellet:Reasoner,
    title = {{Pellet: A Practical OWL-DL Reasoner}},
    author = {Sirin, Evren and Parsia, Bijan and Cuenca Grau, Bernardo and Kalyanpur, Aditya and Katz, Yarden},
    url = {http://www.mindswap.org/2003/pellet/download.shtml},
    keywords = {Description Logics Reasoning, Semantic Web, Tableau-based Theorem Proving, Web Ontology Language}
}

@incollection{Unger2011Pythia:Web,
    title = {{Pythia: Compositional Meaning Construction for Ontology-Based Question Answering on the Semantic Web}},
    year = {2011},
    author = {Unger, Christina and Cimiano, Philipp},
    pages = {153--160},
    url = {http://link.springer.com/10.1007/978-3-642-22327-3_15},
    doi = {10.1007/978-3-642-22327-3{\_}15}
}

@techreport{AtemezingQA4LOV:Vocabulary,
    title = {{QA4LOV: A Natural Language Interface to Linked Open Vocabulary}},
    author = {Atemezing, Ghislain Auguste and Vandenbussche, Pierre-Yves},
    url = {https://github.com/machinalis/quepy/},
    keywords = {Question Answering, Vocabulary Catalogue, data usage, user ex-perience}
}

@incollection{Bernstein2005QueryingEnd-Users,
    title = {{Querying Ontologies: A Controlled English Interface for End-Users}},
    year = {2005},
    author = {Bernstein, Abraham and Kaufmann, Esther and G{\"{o}}hring, Anne and Kiefer, Christoph},
    pages = {112--126},
    publisher = {Springer, Berlin, Heidelberg},
    url = {http://link.springer.com/10.1007/11574620_11},
    doi = {10.1007/11574620{\_}11}
}

@misc{QuestIOInterfaces,
    title = {{QuestIO - Natural Language Interfaces}},
    url = {https://sites.google.com/site/naturallanguageinterfaces/questio}
}

@techreport{2012RacerPro2.0,
    title = {{RacerPro User's Guide Version 2.0}},
    year = {2012},
    url = {http://www.racer-systems.com}
}

@techreport{2012RacerPro2.0b,
    title = {{RacerPro User's Guide Version 2.0}},
    year = {2012},
    url = {http://www.racer-systems.com}
}

@techreport{FuchsReasoningEnglish,
    title = {{Reasoning in Attempto Controlled English}},
    author = {Fuchs, Norbert E and Schwertel, Uta},
    url = {www.ifi.unizh.ch}
}

@article{Shekarpour2015SINA:Data,
    title = {{SINA: Semantic interpretation of user queries for question answering on interlinked data}},
    year = {2015},
    journal = {Journal of Web Semantics},
    author = {Shekarpour, Saeedeh and Marx, Edgard and Ngonga Ngomo, Axel-Cyrille and Auer, Sören},
    month = {1},
    pages = {39--51},
    volume = {30},
    url = {https://linkinghub.elsevier.com/retrieve/pii/S1570826814000468},
    doi = {10.1016/j.websem.2014.06.002},
    issn = {15708268}
}

@techreport{KolliaSPARQLOntologies,
    title = {{SPARQL Query Answering over OWL Ontologies}},
    author = {Kollia, Ilianna and Glimm, Birte and Horrocks, Ian},
    url = {http://www.cs.ox.ac.uk/files/3681/paper.pdf}
}

@techreport{KolliaSPARQLOntologiesb,
    title = {{SPARQL Query Answering over OWL Ontologies}},
    author = {Kollia, Ilianna and Glimm, Birte and Horrocks, Ian},
    url = {http://www.cs.ox.ac.uk/files/3681/paper.pdf}
}

@techreport{SirinSPARQL-DL:OWL-DL,
    title = {{SPARQL-DL: SPARQL Query for OWL-DL}},
    author = {Sirin, Evren and Parsia, Bijan},
    url = {http://www.w3.org/Submission/RDQL/}
}

@inproceedings{Kalibatiene2011SurveyLanguages,
    title = {{Survey on ontology languages}},
    year = {2011},
    booktitle = {Lecture Notes in Business Information Processing},
    author = {Kalibatiene, Diana and Vasilecas, Olegas},
    isbn = {9783642245107},
    doi = {10.1007/978-3-642-24511-4{\_}10},
    issn = {18651348},
    keywords = {KIF, OWL, Ontology, comparison, ontology language}
}

@techreport{SirinTerp:Queries,
    title = {{Terp: Syntax for OWL-friendly SPARQL queries}},
    author = {Sirin, Evren and Bulka, Blazej and Smith, Michael},
    url = {http://clarkparsia.com/pellet}
}

@techreport{KeetTheOntology,
    title = {{The Data Mining OPtimization Ontology}},
    author = {Keet, C Maria and {\L}awrynowicz, Agnieszka and D'amato, Claudia and Kalousis, Alexandros and Nguyen, Phong and Palma, Raul and Stevens, Robert and Hilario, Melanie},
    url = {http://protege.stanford.edu},
    keywords = {OWL, Ontology, data mining, meta-learning, semantic meta-mining}
}

@techreport{Hitzler2011The1,
    title = {{The RacerPro Knowledge Representation and Reasoning System 1}},
    year = {2011},
    booktitle = {Semantic Web},
    author = {Hitzler, Pascal and Sattler, Ulrike and Haarslev, Volker and Hidde, Kay and M{\"{o}}ller, Ralf and Wessel, Michael},
    pages = {1--5},
    volume = {1},
    publisher = {IOS Press},
    url = {http://www.semantic-web-journal.net/sites/default/files/swj109_3.pdf},
    keywords = {Abox Abduction, Deduction over Tboxes and Aboxes, Description Logic Reasoning Systems, Expressive Ontology-based Query Answering, Ontology Reasoning Systems}
}

@techreport{Hallili2014TowardGeneration,
    title = {{Toward an Ontology-Based Chatbot Endowed with Natural Language Processing and Generation}},
    year = {2014},
    author = {Hallili, Amine},
    url = {https://hal.inria.fr/hal-01089102/document},
    keywords = {Articial Intelligence, Chatbot, Natural Language Generation, Natural Language Process-ing, Semantic Web}
}

@techreport{LeeTrainingPairs,
    title = {{Training IBM Watson using Automatically Generated Question-Answer Pairs}},
    author = {Lee, Jangho and Jung, Changwoo and Kim, Gyuwan and Kim, Minseok and Yoo, Jaeyoon and Yoon, Sungroh},
    url = {https://en.wikipedia.org/wiki/Knowledge_base}
}

@techreport{PhillipsWorkshopIN-TERPRETABILITY,
    title = {{Workshop track-ICLR 2018 EXPLANATORY MASKS FOR NEURAL NETWORK IN-TERPRETABILITY}},
    author = {Phillips, Lawrence and Goh, Garrett and Hodas, Nathan}
}