@string{UNKNOWN = "UNKNOWN"}

%[IMPORTED STRING DEFINITIONS]

%[JOURNALS]

@string{aij = "Artificial Intelligence"}

@string{aimag = "AI~Magazine"}

@string{bij = "Bioinformatics"}

@string{dke = "Data and Knowledge Engineering"}

@string{dmkd = "Data Mining and Knowledge Discovery"}

@string{ida = "Intelligent Data Analysis"}

@string{kde = "IEEE Transactions on Knowledge and Data Engineering"}

@string{ml = "Machine Learning"}

@string{pami = "IEEE Transactions on Pattern Analysis and Machine Intelligence (PAMI)"}

@string{sigkdd = "SIGKDD Explorations"}

%[PUBLISHERS]

@string{kluwer = "Kluwer Academic Publishers"}

@string{kluwer-ad = "Dordrecht, The Netherlands"}

@string{SV = "Springer-Verlag"}

%[ORGANIZATIONS]

@string{aaai = "American Association for Artificial Intelligence"}

@string{aaai-ad = "Menlo Park"}

@string{aamas04 = "3rd International Joint Conference on Autonomous Agents
          and Multiagent Systems"}

@string{aamas04Ed = "Sierra, C. and Sonenberg, L."}

@string{aamas04Addr = "New York, NY, USA"}

@string{acl = "Association for Computational Linguistics"}

@string{acm = "Association for Computing Machinery"}

@string{acm-ad = "New York"}

%[SCHOOLS]

@string{cmucs = "Computer Science Department, Carnegie-Mellon University"}

@string{cmucs-ad = "Pittsburgh, Pennsylvania"}

@string{upenn = "University of Pennsylvania"}

%[CONFERENCES]

@string{kdd02 = "Proceedings of the Conference on Knowledge and Data Discovery
                 (KDD-2002)"}

@string{kdmm98 = "Proceedings of the 4th International Conference on Knowledge Discovery and Data Mining"}

@string{kdmm98addr = "New York"}

@string{uai00 = "Proceedings of the 16th Annual Conference on Uncertainty in Artificial Intelligence"}

%[REFERENCES] %%%%%%%%%%%%%%%%%%%%%%%%%%%%%%%%%%%%%%%%%%%%%%%%%%
@book{russell1995artificial,
  title={Artificial intelligence: a modern approach},
  author={Russell, Stuart Jonathan and Norvig, Peter and Canny, John F and Malik, Jitendra M and Edwards, Douglas D},
  volume={2},
  year={1995},
  publisher={Prentice hall Englewood Cliffs}
}



@inproceedings{Zhou04,
    author = {Zhou,, Chen and Chia,, Liang-Tien and Lee,, Bu-Sung},
    title = {DAML-QoS Ontology for Web Services},
    booktitle = {ICWS '04: Proceedings of the IEEE International Conference on Web Services},
    year = {2004},
    isbn = {0-7695-2167-3},
    pages = {472},
    doi = {http://dx.doi.org/10.1109/ICWS.2004.44},
    publisher = {IEEE Computer Society},
    address = {Washington, DC, USA},
}
@BOOK{strunk,
   author = "Strunk, Jr., William and E. B. White",
   title = "The Elements of Style",
   publisher = "Macmillan",
   edition = "Third",
   year = 1979
   }


@inproceedings{Antoniou00,
  author    = {Grigoris Antoniou and
               David Billington and
               Guido Governatori and
               Michael J. Maher and
               Andrew Rock},
  title     = {A Family of Defeasible Reasoning Logics and its Implementation.},
  booktitle = {The 14th European Conference on Artificial Intelligence},
  year      = {2000},
  pages     = {459-463},
}


@article{Antoniou04,
  author    = {Grigoris Antoniou},
  title     = {Defeasible logic with dynamic priorities.},
  journal   = {International Journal of Intelligent Systems},
  volume    = {19},
  number    = {5},
  year      = {2004},
  pages     = {463-472},
}

@inproceedings{AntoniouSBB05,
  author    = {Grigoris Antoniou and
               Thomas Skylogiannis and
               Antonis Bikakis and
               Nick Bassiliades},
  title     = {DR-BROKERING - A Defeasible Logic-Based System for Semantic
               Brokering.},
  booktitle = {2005 IEEE International Conference on e-Technology, e-Commerce,
               and e-Services (EEE 2005), 29 March - 1 April 2005, Hong
               Kong, China},
  year      = {2005},
  pages     = {414-417},
}

@article{AntoniouSBDB07,
  author    = {Grigoris Antoniou and
               Thomas Skylogiannis and
               Antonis Bikakis and
               Martin Doerr and
               Nick Bassiliades},
  title     = {DR-BROKERING: A semantic brokering system.},
  journal   = {Knowledge-Based Systems},
  volume    = {20},
  number    = {1},
  year      = {2007},
  pages     = {61-72},
  ee        = {http://dx.doi.org/10.1016/j.knosys.2006.07.006},
  bibsource = {DBLP, http://dblp.uni-trier.de}
}


@InProceedings{Bellucci03,
  author    = {Emilia Bellucci and John Zeleznikow},
  title     = {THE CONFLICT BETWEEN NEGOTIATION AND LITIGATION WHEN BUILDING MEDIATION DECISION SUPPORT SYSTEMS},
  booktitle = {ICAIL 2003 ODRWorkshop},
  year 	    = {2003},
  pages     = {51--60},
  address   = {Edinburgh, Scotland, UK},
}


@inproceedings{BellucciLZ04,
  author    = {Emilia Bellucci and Arno Lodder and John Zeleznikow},
  title     = {Integrating Artificial Intelligence, Argumentation and Game
               Theory to Develop an Online Dispute Resolution Environment.},
  booktitle = {16th International Conference on Tools with Artificial Intelligence},
  publisher    = ieeecs,
  year      = {2004},
  pages     = {749-754},
}

@Article{Bellucci06,
 author =  {Emilia Bellucci and John Zeleznikow},
 title 	=  {Developing negotiation decision support systems that support mediators: A case study of the Family Winner system},
 journal =   {Artificial Intelligence and Law},
 volume    = {13},
  number    = {2},
 year 	=    {2005},
 pages	= {233-271},
}


@InProceedings{Bodenstaff06,
  author = {Lianne Bodenstaff and Henry Prakken and Gerard Vreeswijk},
  title = {On Formalising Dialogue Systems for Argumentation in the Event Calculus},
  booktitle = {the Eleventh International Workshop on Non-Monotonic Reasoning},
  address = "",
  year = {2006},
}

@InProceedings{Boella04,
 author 	= {Guido Boella and Leendert van der Torre},
 title 		= {Contracts as Legal Institutions in Organizations of Autonomous
Agents},
 booktitle 	= {Proceedings of the Third International Joint Conference on
Autonomous Agents and Multi Agent Systems (AAMAS'04)},
 address	= {New York, US},
 year 		= {2004},
 pages 		= {948--955},
}


@InProceedings{Boella05iat,
  author = {Guido Boella and Joris Hulstijn and Leendert van der Torre},
  title = {A Synthesis Between Mental Attitudes and Social Commitments in Agent Communication Languages},
  booktitle = {Intelligent Agent Technology 05 (IAT 2005)},
  year = {2005},
  address = {Compiegne, France},
  pages = {358-364}
}

@Article{Bonnet04,
 author = {Vincent Bonnet and Karima Boudaoud and Michael Gagnebin and Jurgen Harms and Thomas Schultz},
 title = {Online Dispute Resolution Systems as Web Services},
 journal = {ICFAI Journal of Alternative Dispute Resolution},
 volume = {3},
 year = {2002},
 pages = {57--74},
}


@article{Cachoon00,
  author =  {Gerard Cachon and Martin Lariviere},
  title =   {Supply chain coordination with revenue sharing contracts: strengths and limitations},
  journal = {Management Science},
  volume  = {51},
  number = {1}, 
  year =    {2005},
  pages = {30-44}
}

@article{Calliess06,
  author    = {Gralf-Peter Calliess},
  title     = {Online Dispute Resolution: Consumer Redress in a Global Market Place.},
  journal   = {German Law Journal},
  volume    = {7},
  number    = {8},
  year      = {2006},
  pages     = {647-660},
}


@Incollection{Chaib-draa04,
author 		= {Philippe Pasquier and Roberto Flores and Brahim Chaib-draa},
  title     	= {Modelling Flexible Social Commitments and their Enforcement},
  booktitle 	= {Engineering Societies in the Agents World V},
  editor    	= {},
  publisher 	= {Springer Verlag},
  series    	= {Lecture Notes in Computer Science},
  volume    	= {3451},
  year      	= {2005},
  pages     	= {139-151},
  }


@InProceedings{Chopra03ac,
  author = {Amit K. Chopra and Munindar P. Singh},
  title = {Nonmonotonic Commitment Machines},
  booktitle = {Proceedings of the International Workshop on Agent Communication Languages and Conversation Policies},
  year = {July 2003},
  pages= "",
  address = {Melbourne, Australia},
}


@inproceedings{Chopra06aamas,
  author    = {Amit K. Chopra and
               Munindar P. Singh},
  title     = {Contextualizing commitment protocol},
  booktitle = {AAMAS},
  crossref  = {DBLP:conf/atal/2006},
  year      = {2006},
  pages     = {1345-1352},
 
}

@proceedings{DBLP:conf/atal/2006,
  editor    = {Hideyuki Nakashima and
               Michael P. Wellman and
               Gerhard Weiss and
               Peter Stone},
  title     = {5th International Joint Conference on Autonomous Agents
               and Multiagent Systems (AAMAS 2006), Hakodate, Japan, May
               8-12, 2006},
  booktitle = {AAMAS},
  publisher = {ACM},
  year      = {2006},
  isbn      = {1-59593-303-4},
  bibsource = {DBLP, http://dblp.uni-trier.de}
}


@Misc{quepyCite,
 title = {Quepy documentation},
 url = {https://quepy.readthedocs.io/en/latest/},
 lastchecked = {28 June 2019}
 }
 
@techreport{SteinSaebuOptiqueNLQF:Technologies,
    title = {{OptiqueNLQF: A natural language query formulation system based on Semantic Technologies}},
    author = {Stein Saebu, Tomas},
    url = {https://www.duo.uio.no/bitstream/handle/10852/47661/thesis\_tomas.pdf?sequence=7}
}

@article{Shekarpour2015SINA:Data,
    title = {{SINA: Semantic interpretation of user queries for question answering on interlinked data}},
    year = {2015},
    journal = {Journal of Web Semantics},
    author = {Shekarpour, Saeedeh and Marx, Edgard and Ngonga Ngomo, Axel-Cyrille and Auer, SÃ¶ren},
    month = {1},
    pages = {39--51},
    volume = {30},
    url = {https://linkinghub.elsevier.com/retrieve/pii/S1570826814000468},
    doi = {10.1016/j.websem.2014.06.002},
    issn = {15708268}
}

@incollection{Unger2011Pythia:Web,
    title = {{Pythia: Compositional Meaning Construction for Ontology-Based Question Answering on the Semantic Web}},
    year = {2011},
    author = {Unger, Christina and Cimiano, Philipp},
    pages = {153--160},
    url = {http://link.springer.com/10.1007/978-3-642-22327-3_15},
    doi = {10.1007/978-3-642-22327-3{\_}15}
}


@techreport{SirinPellet:Reasoner,
    title = {{Pellet: A Practical OWL-DL Reasoner}},
    author = {Sirin, Evren and Parsia, Bijan and Cuenca Grau, Bernardo and Kalyanpur, Aditya and Katz, Yarden},
    url = {http://www.mindswap.org/2003/pellet/download.shtml},
    keywords = {Description Logics Reasoning, Semantic Web, Tableau-based Theorem Proving, Web Ontology Language}
}

@Misc{springBootCite,
 title = {Spring Boot documentation},
 url = {https://docs.spring.io/spring-boot/docs/current/reference/html/},
 lastchecked = {29 June 2019}
 }
 
 @Misc{AngularCite,
 title = {Angular Architecture Overview},
 url = { https://angular.io/guide/architecture},
 lastchecked = {29 June 2019}
 }
 
 @article{Adadi2018PeekingXAI,
    title = {{Peeking Inside the Black-Box: A Survey on Explainable Artificial Intelligence (XAI)}},
    year = {2018},
    journal = {IEEE Access},
    author = {Adadi, Amina and Berrada, Mohammed},
    doi = {10.1109/ACCESS.2018.2870052},
    issn = {21693536},
    keywords = {Explainable artificial intelligence, black-box models, interpretable machine learning}
}

 @Misc{darpaXAI,
 title = {DARPA -  Exaplainable AI},
 url = {https://www.darpa.mil/program/explainable-artificial-intelligence},
 lastchecked = {29 June 2019}
 }
 
  @Misc{protege_ontology,
 title = {Protege - ontology development},
 url = {https://protege.stanford.edu/publications/ontology\_development/ontology101-noy-mcguinness.html},
 lastchecked = {29 June 2019}
 }
 
 @book{Press2014AdrianApproach,
    title = {{Adrian Groza ONTOLOGY ENGINEERING WITH RACERPRO An activity-based approach}},
    year = {2014},
    author = {Press, U T},
    url = {www.utcluj.ro/editura},
    isbn = {978-973-662-991-4}
}
 
 
 
@inproceedings{owl_languages,
    title = {{Survey on ontology languages}},
    year = {2011},
    booktitle = {Lecture Notes in Business Information Processing},
    author = {Kalibatiene, Diana and Vasilecas, Olegas},
    isbn = {9783642245107},
    doi = {10.1007/978-3-642-24511-4{\_}10},
    issn = {18651348},
    keywords = {KIF, OWL, Ontology, comparison, ontology language}
}


@incollection{Haase2010ALanguages,
    title = {{A Comparison of RDF Query Languages}},
    year = {2010},
    author = {Haase, Peter and Broekstra, Jeen and Eberhart, Andreas and Volz, Raphael},
    doi = {10.1007/978-3-540-30475-3{\_}35}
}

  @Misc{sparql_tutorial,
 title = {SPARQL By Example},
 url = {https://www.w3.org/2009/Talks/0615-qbe/},
 lastchecked = {30 June 2019}
 }


  @Misc{tableau_alg,
 title = {Tableau based reasoners},
 url = {http://ontogenesis.knowledgeblog.org/1486},
 lastchecked = {30 June 2019}
 }
 
 
 @misc{van2017responsible,
  title={Responsible data science},
  author={van der Aalst, Wil MP and Bichler, Martin and Heinzl, Armin},
  year={2017},
  publisher={Springer}
}

@techreport{WatsonAEducation,
    title = {{A Virtual Teaching Assistant for Online Education}},
    author = {Watson, Jill and Goel, Ashok K and Polepeddi, Lalith},
    url = {https://www.class-central.com/report/mooc-stats-2016/}
}

@techreport{Gilpin2019ExplainingLearning,
    title = {{Explaining Explanations: An Overview of Interpretability of Machine Learning}},
    year = {2019},
    author = {Gilpin, Leilani H and Bau, David and Yuan, Ben Z and Bajwa, Ayesha and Specter, Michael and Kagal, Lalana},
    url = {https://arxiv.org/pdf/1806.00069.pdf},
    arxivId = {1806.00069v3}
}

@inproceedings{Panov2008OntoDM:Mining,
    title = {{OntoDM: An Ontology of Data Mining}},
    year = {2008},
    booktitle = {2008 IEEE International Conference on Data Mining Workshops},
    author = {Panov, Pance and DÂeroski, SaÂo and Soldatova, Larisa},
    month = {12},
    pages = {752--760},
    publisher = {IEEE},
    url = {http://ieeexplore.ieee.org/document/4734003/},
    doi = {10.1109/ICDMW.2008.62}
}

@misc{PDFExperiments,
    title = {{(PDF) Expos{\'{e}}: An ontology for data mining experiments}},
    url = {https://www.researchgate.net/publication/
    228525536\_Expose\_An\_ontology\_for\_data\_mining\_experiments}
}

@inproceedings{Esteves2015MEXVocabulary,
    title = {{MEX vocabulary}},
    year = {2015},
    booktitle = {Proceedings of the 11th International Conference on Semantic Systems - SEMANTICS '15},
    author = {Esteves, Diego and Moussallem, Diego and Neto, Ciro Baron and Soru, Tommaso and Usbeck, Ricardo and Ackermann, Markus and Lehmann, Jens},
    pages = {169--176},
    publisher = {ACM Press},
    url = {http://dl.acm.org/citation.cfm?doid=2814864.2814883},
    address = {New York, New York, USA},
    isbn = {9781450334624},
    doi = {10.1145/2814864.2814883}
}

@techreport{KeetTheOntology,
    title = {{The Data Mining OPtimization Ontology}},
    author = {Keet, C Maria and {\L}awrynowicz, Agnieszka and D'amato, Claudia and Kalousis, Alexandros and Nguyen, Phong and Palma, Raul and Stevens, Robert and Hilario, Melanie},
    url = {http://protege.stanford.edu},
    keywords = {OWL, Ontology, data mining, meta-learning, semantic meta-mining}
}


@techreport{CorreaPublioML-Schema:Ontologies,
    title = {{ML-Schema: Exposing the Semantics of Machine Learning with Schemas and Ontologies}},
    author = {Correa Publio, Gustavo and Esteves, Diego and {\L}awrynowicz, Agnieszka and Pan{\v{c}}e Panov, Poland and Soru, Tommaso and Vanschoren, Joaquin and Zafar, Hamid},
    url = {http://ml-schema.github.io/documentation/},
    arxivId = {1807.05351v1}
}


@misc{provo,
    title = {{PROV-O: The PROV Ontology}},
    url = {https://www.w3.org/TR/prov-o/},
    year = 2013
}


@misc{javap_kr,
    title = {{Knowledge Representation Techniques}},
    url = {
 https://www.javatpoint.com/ai-techniques-of-knowledge-representation}
}

@techreport{SharmaATechniques,
    title = {{A Tour Towards Knowledge Representation Techniques}},
    booktitle = {International Journal of Computer Technology and Electronics Engineering (IJCTEE)},
    author = {Sharma, Tilotma and Kelkar, Deepali},
    number = {2},
    volume = {2},
    keywords = {Frames, Knowledge Representation, Predicate Logic, Scripts, Semantic Nets}
}


@inproceedings{toniuc2017climebot,
  title={Climebot: An argumentative agent for climate change},
  author={Toniuc, Daniel and Groza, Adrian},
  booktitle={Intelligent Computer Communication and Processing (ICCP), 2017 13th IEEE International Conference on},
  pages={63--70},
  year={2017},
  organization={IEEE}
}

@inproceedings{Dosilovic2018ExplainableSurvey,
    title = {{Explainable artificial intelligence: A survey}},
    year = {2018},
    booktitle = {2018 41st International Convention on Information and Communication Technology, Electronics and Microelectronics, MIPRO 2018 - Proceedings},
    author = {Dosilovic, Filip Karlo and Brcic, Mario and Hlupic, Nikica},
    isbn = {9789532330977},
    doi = {10.23919/MIPRO.2018.8400040},
    keywords = {comprehensibility, explainability, explainable artificial intelligence, interpretability}
}



@misc{safetyNex,
    title = {{SafetyNex}},
    url = {
 https://www.safetynex.nexyad.net/}
}

@article{VanGestel2016LinearMachines,
    title = {{Linear and non-linear credit scoring by combining logistic regression and support vector machines}},
    year = {2016},
    journal = {The Journal of Credit Risk},
    author = {Van Gestel, Tony and Baesens, Bart and Van Dijcke, Peter and Suykens, Johan and Garcia, Joao},
    doi = {10.21314/jcr.2005.025},
    issn = {17446619}
}


@techreport{BharadhwajExplanationsRecommendations,
    title = {{Explanations for Temporal Recommendations}},
    author = {Bharadhwaj, Homanga and Joshi, Shruti},
    arxivId = {1807.06161v1}
}

@techreport{PhillipsWorkshopIN-TERPRETABILITY,
    title = {{Workshop track-ICLR 2018 EXPLANATORY MASKS FOR NEURAL NETWORK IN-TERPRETABILITY}},
    author = {Phillips, Lawrence and Goh, Garrett and Hodas, Nathan}
}


@techreport{nonaxiomaticreasoner,
    title = {{Non-Axiomatic Reasoning System (Version 4.1)}},
    year = {2000},
    author = {Wang, Pei},
    url = {http://www.cogsci.indiana.edu/farg/pwang.html}
}

@misc{prover9,
    title = {{Prover9}},
    url = {https://www.cs.unm.edu/~mccune/prover9/download/
}
}


@techreport{DamljanovicNaturalInteraction,
    title = {{Natural Language Interfaces to Ontologies: Combining Syntactic Analysis and Ontology-based Lookup through the User Interaction}},
    author = {Damljanovic, Danica and Agatonovic, Milan and Cunningham, Hamish},
    url = {http://www.w3.org/TR/rdf-sparql-query/},
    keywords = {clarification dialogs, learning, natural language interfaces, ontologies, question-answering}
}


@techreport{PradelNaturalPatterns,
    title = {{Natural Language Query Interpretation into SPARQL Using Patterns}},
    author = {Pradel, Camille and Haemmerl{\'{e}}, Ollivier and Hernandez, Nathalie},
    url = {http://www.w3.org/TR/rdf-sparql-query/}
}

@article{Barskar2012AnSentences,
    title = {{An Approach for Extracting Exact Answers to Question Answering (QA) System for English Sentences}},
    year = {2012},
    journal = {Procedia Engineering},
    author = {Barskar, Raju and Ahmed, Gulfishan Firdose and Barskar, Nepal},
    month = {1},
    pages = {1187--1194},
    volume = {30},
    publisher = {Elsevier},
    url = {https://www.sciencedirect.com/science/article/pii/S1877705812009897},
    doi = {10.1016/J.PROENG.2012.01.979},
    issn = {1877-7058}
}


@article{sina,
    title = {{SINA: Semantic interpretation of user queries for question answering on interlinked data}},
    year = {2015},
    journal = {Journal of Web Semantics},
    author = {Shekarpour, Saeedeh and Marx, Edgard and Ngonga Ngomo, Axel-Cyrille and Auer, SÃ¶ren},
    month = {1},
    pages = {39--51},
    volume = {30},
    url = {https://linkinghub.elsevier.com/retrieve/pii/S1570826814000468},
    doi = {10.1016/j.websem.2014.06.002},
    issn = {15708268}
}

@techreport{LeeTrainingPairs,
    title = {{Training IBM Watson using Automatically Generated Question-Answer Pairs}},
    author = {Lee, Jangho and Jung, Changwoo and Kim, Gyuwan and Kim, Minseok and Yoo, Jaeyoon and Yoon, Sungroh},
    url = {https://en.wikipedia.org/wiki/Knowledge_base}
}

@article{monroe2018ai,
  title={AI, explain yourself},
  author={Monroe, Don},
  journal={Communications of the ACM},
  volume={61},
  number={11},
  pages={11--13},
  year={2018},
  publisher={ACM}
}


@inproceedings{ANNWithXAI,
author = {Cyras, Kristijonas and Cocarascu, Oana and Toni, Francesca},
year = {2018},
month = {07},
pages = {},
title = {Explanatory Predictions with Artificial Neural Networks and Argumentation}
}

@inproceedings{Holzinger2018FromAI,
    title = {{From Machine Learning to Explainable AI}},
    year = {2018},
    booktitle = {2018 World Symposium on Digital Intelligence for Systems and Machines (DISA)},
    author = {Holzinger, Andreas},
    month = {8},
    pages = {55--66},
    publisher = {IEEE},
    url = {https://ieeexplore.ieee.org/document/8490530/},
    isbn = {978-1-5386-5102-5},
    doi = {10.1109/DISA.2018.8490530}
}

@techreport{BaaderBasicLogics,
    title = {{Basic Description Logics}},
    author = {Baader, Franz and Nutt, Werner}
}

